@article{sample,
  title={Some title},
  author={Some, Author},
  journal={Journal title},
  volume={123},
  number={123},
  pages={1--2},
  year={1234},
  publisher={Some Publisher}
}

@article{kastner,
  title={Towards Deployment of Deep-Reinforcement-Learning-Based Obstacle Avoidance into Conventional Autonomous Navigation Systems},
  author={L. Kästner and T. Buiyan and X. Zhao and L. Jiao and Z. Shen and J. Lambrecht},
  year={2021},
  eprint={arXiv:2104.03616}
}

@inproceedings{pfeiffer1,
title={From Perception to Decision: A Data-driven Approach to End-to-end Motion Planning for
Autonomous Ground Robots},
author={Pfeiffer, M. and Schaeuble, Michael and Nieto, Juan and Siegwart, Roland and Cadena,
Cesar},
booktitle={IEEE International Conference on Robotics and Automation (ICRA)}, pages={1527–1533},
year={2017},
organization={IEEE}
}

@article{pfeiffer2,
  title={Reinforced Imitation: Sample Efficient Deep Reinforcement Learning for Map-less Navigation by Leveraging Prior Demonstrations},
  author={M. Pfeiffer and S. Shukla and M. Turchetta and C. Cadena and A. Krause and R. Siegwart and J. Nieto},
  year={2018},
  eprint={arXiv:1805.07095}
}

@article{zhang,
  title={Deep Imitation Learning for Complex Manipulation Tasks from Virtual Reality Teleoperation},
  author={T. Zhang and Z. McCarthy and O. Jow and D. Lee and X. Chen and K. Goldberg and P. Abbeel},
  year={2017},
  eprint={arXiv:1710.04615}
}

@article{abbeel,
  title={An Algorithmic Perspective on Imitation Learning},
  author={T. Osa and J. Pajarinen and G. Neumann and J. A. Bagnell and P. Abbeel and J. Peters},
  journal={Foundations and Trends in Robotics},
  volume={7},
  number={1-2},
  year={2018}
}

@article{counterstrike,
  title={Counter-Strike Deathmatch with Large-Scale Behavioural Cloning},
  author={T. Pearce and J. Zhu},
  year={2021},
  eprint={arXiv:2104.04258}
}

@book{lapan,
    title = {Deep Reinforcement Learning Hands-On},
    author = {M. Lapan},
    year = {2018},
    publisher = {Packt Publishing}
}

@article{ppo,
  title={Proximal Policy Optimization Algorithms},
  author={J. Schulman and F. Wolski and P. Dhariwal and A. Radford and O. Klimov},
  eprint={arXiv:1707.06347},
  year={2017}
}

@INPROCEEDINGS{bc,
    author = {M. Bain and C. Sammut},
    title = {A Framework for Behavioural Cloning},
    booktitle = {Machine Intelligence 15},
    year = {1996},
    pages = {103--129},
    publisher = {Oxford University Press}
}

@INPROCEEDINGS{irl,
    author = {S. Russell},
    title = {Learning agents for uncertain environments (Extended Abstract)},
    booktitle = {Proceedings of the Eleventh Annual Conference on Computational Learning Theory},
    year = {1998},
    pages = {101--103},
    publisher = {ACM Press}
}

@article{dagger,
    title={A Reduction of Imitation Learning and Structured Prediction to No-Regret Online Learning},
    author={S. Ross and G. Gordon and A. Bagnell},
    eprint={arXiv:1011.0686},
    year={2011}
}

@article{adadelta,
    title={ADADELTA: An Adaptive Learning Rate Method},
    author={M. Zeiler},
    eprint={arXiv:1212.5701},
    year={2012}
}

@online{rosnav,
  title = {Arena-Rosnav},
  year = 2021,
  url = {https://github.com/ignc-research/arena-rosnav},
  urldate = {2021-08-19}
}

@article{silver,
    title={Mastering the game of Go with deep neural networks and tree search},
    author={D. Silver and A. Huang and C. Maddison and A. Guez and L. Sifre and G. van den Driessche and J. Schrittwieser and I. Antonoglou and V. Panneershelvam and M. Lanctot and S. Dieleman and D. Grewe and J. Nham and N. Kalchbrenner and I. Sutskever and T. Lillicrap and M. Leach and K. Kavukcuoglu and T. Graepel and D. Hassabis },
    journal={Nature},
    volume={529},
    pages={484–489},
    year={2016}
}

@online{tools,
  title = {Arena-Tools},
  year = 2021,
  url = {https://github.com/ignc-research/arena-tools},
  urldate = {2021-08-19}
}